@inproceedings{levy17multiprogramming,
  title          = {Multiprogramming a 64kB Computer Safely and Efficiently},
  booktitle      = {Proceedings of the 26th Symposium on Operating Systems Principles},
  series         = {SOSP'17},
  year           = {2017},
  month          = {10},
  isbn           = {978-1-4503-5085-3},
  location       = {Shanghai, China},
  pages          = {234--251},
  numpages       = {18},
  url            = {http://doi.acm.org/10.1145/3132747.3132786},
  doi            = {10.1145/3132747.3132786},
  acmid          = {3132786},
  publisher      = {ACM},
  address        = {New York, NY, USA},
  conference-url = {https://www.sigops.org/sosp/sosp17/},
  author         = {Levy, Amit and Campbell, Bradford and Ghena, Branden and Giffin, Daniel B. and Pannuto, Pat and Dutta, Prabal and Levis, Philip}
}
